@article{interesting_article,
	year = 2019,
	month = {April},
	volume = {101},
	number = {2},
	pages = {167},
	author = {Michael Scott and Dwight Schrute and Darryl Philbin},
	title = {Somehow {I} Manage},
	journal = {The Small Businessman}
}